@article{extending_localcontext,
    Author = {Gennaro Costagliola, Mattia De Rosa, Vittorio Fuccella},
    Title = {Extending local context-based specifications of visual languages},
    journal = {Journal of Visual Languages and Computing},
    Doi = {10.1016/j.jvlc.2015.10.013},
    Date = {2015/10/30},
    Year = {2015},
    Month = {12},
    Pages = {184-195},
    Bdsk-Url-1 = {https://doi.org/10.1016/j.jvlc.2015.10.013}
}

@article{localcontext,
    Author = {Gennaro Costagliola, Mattia De Rosa, Vittorio Fuccella},
    Title = {Using the local context for the definition and implementation of visual languages},
    journal = {Computer Languages, Systems and Structures},
    Doi = {10.1016/j.cl.2018.04.002},
    Date = {2018/04/12},
    Year = {2018},
    Month = {12},
    Pages = {20-38},
    Bdsk-Url-1 = {https://doi.org/10.1016/j.cl.2018.04.002}
}

@article{localcontext_recognition,
    Author = {Gennaro Costagliola, Mattia De Rosa, Vittorio Fuccella},
    Title = {Local context-based recognition of sketched diagrams},
    journal = {Journal of Visual Languages and Computing},
    Doi = {10.1016/j.jvlc.2014.10.021},
    Date = {2014/10/29},
    Year = {2014},
    Month = {10},
    Pages = {955-962},
    Bdsk-Url-1 = {https://doi.org/10.1016/j.jvlc.2014.10.021}
}

@misc{drawio,
    author    = "JGraph Ltd.",
    title     = "About us - draw.io",
    url       = "https://about.draw.io/about-us/"
}

@misc{mxgraph,
    author    = "JGraph Ltd.",
    title     = "mxGraph",
    url       = "https://jgraph.github.io/mxgraph/"
}

@misc{drawSE,
    author    = "cluelab",
    title     = "About - drawSE",
    url       = "https://cluelab.github.io/drawSE/"
}

@misc{framework,
    url       = "http://www.pc-facile.com/glossario/framework/"
}

@misc{ecmascript,
    url       = "http://www.ecma-international.org/publications/standards/Ecma-262.htm"
}

@misc{jquery,
    url       = "https://it.wikipedia.org/wiki/JQuery"
}